@article{trinquier_efficientgenerativemodeling_2021,
  title = {Efficient Generative Modeling of Protein Sequences Using Simple Autoregressive Models},
  author = {Trinquier, Jeanne and Uguzzoni, Guido and Pagnani, Andrea and Zamponi, Francesco and Weigt, Martin},
  year = {2021},
  month = oct,
  journal = {Nature Communications},
  volume = {12},
  number = {1},
  pages = {5800},
  publisher = {Nature Publishing Group},
  issn = {2041-1723},
  doi = {10.1038/s41467-021-25756-4}
}

@article{mcgee_generativecapacityprobabilistic_2021,
  title = {The Generative Capacity of Probabilistic Protein Sequence Models},
  author = {McGee, Francisco and Hauri, Sandro and Novinger, Quentin and Vucetic, Slobodan and Levy, Ronald M. and Carnevale, Vincenzo and Haldane, Allan},
  year = {2021},
  month = nov,
  journal = {Nature Communications},
  volume = {12},
  number = {1},
  pages = {6302},
  publisher = {Nature Publishing Group},
  issn = {2041-1723},
  doi = {10.1038/s41467-021-26529-9},
  annotation = {Bandiera\_abtest: a Cc\_license\_type: cc\_by Cg\_type: Nature Research Journals Primary\_atype: Research Subject\_term: Computational models;Machine learning;Statistical physics Subject\_term\_id: computational-models;machine-learning;statistical-physics}
}

@article{rodriguezhorta_effectphylogeneticcorrelations_2021,
  title = {On the Effect of Phylogenetic Correlations in Coevolution-Based Contact Prediction in Proteins},
  author = {Rodriguez Horta, Edwin and Weigt, Martin},
  year = {2021},
  month = may,
  journal = {PLoS computational biology},
  volume = {17},
  number = {5},
  pages = {e1008957},
  issn = {1553-7358},
  doi = {10.1371/journal.pcbi.1008957},
  pmcid = {PMC8177639},
  pmid = {34029316}
}


@article{puller_efficientinferencepotential_2020,
  title = {Efficient Inference, Potential, and Limitations of Site-Specific Substitution Models},
  author = {Puller, Vadim and Sagulenko, Pavel and Neher, Richard A},
  year = {2020},
  month = aug,
  journal = {Virus Evolution},
  volume = {6},
  number = {2},
  issn = {2057-1577},
  doi = {10.1093/ve/veaa066},
  pmcid = {PMC7733610},
  pmid = {33343922}
}

@article{delapaz_epistaticcontributionspromote_2020,
  title = {Epistatic Contributions Promote the Unification of Incompatible Models of Neutral Molecular Evolution},
  author = {{de la Paz}, Jose Alberto and Nartey, Charisse M. and Yuvaraj, Monisha and Morcos, Faruck},
  year = {2020},
  month = mar,
  journal = {Proceedings of the National Academy of Sciences},
  pages = {201913071},
  issn = {0027-8424, 1091-6490},
  doi = {10.1073/pnas.1913071117}
}

@article{minh_iqtreenewmodels_2020,
  title = {{{IQ-TREE}} 2: {{New Models}} and {{Efficient Methods}} for {{Phylogenetic Inference}} in the {{Genomic Era}}},
  shorttitle = {{{IQ-TREE}} 2},
  author = {Minh, Bui Quang and Schmidt, Heiko A and Chernomor, Olga and Schrempf, Dominik and Woodhams, Michael D and {von Haeseler}, Arndt and Lanfear, Robert},
  year = {2020},
  month = may,
  journal = {Molecular Biology and Evolution},
  volume = {37},
  number = {5},
  pages = {1530--1534},
  issn = {0737-4038},
  doi = {10.1093/molbev/msaa015}
}


@article{hockenberry_phylogeneticweightingdoes_2019,
  title = {Phylogenetic {{Weighting Does Little}} to {{Improve}} the {{Accuracy}} of {{Evolutionary Coupling Analyses}}},
  author = {Hockenberry, Adam J. and Wilke, Claus O.},
  year = {2019},
  month = oct,
  journal = {Entropy},
  volume = {21},
  number = {10},
  pages = {1000},
  publisher = {Multidisciplinary Digital Publishing Institute},
  issn = {1099-4300},
  doi = {10.3390/e21101000}
}

@article{cocco_inversestatisticalphysics_2018,
  title = {Inverse {{Statistical Physics}} of {{Protein Sequences}}: {{A Key Issues Review}}},
  shorttitle = {Inverse {{Statistical Physics}} of {{Protein Sequences}}},
  author = {Cocco, Simona and Feinauer, Christoph and Figliuzzi, Matteo and Monasson, Remi and Weigt, Martin},
  year = {2018},
  month = mar,
  journal = {Reports on Progress in Physics},
  volume = {81},
  number = {3},
  eprint = {1703.01222},
  pages = {032601},
  issn = {0034-4885, 1361-6633},
  doi = {10.1088/1361-6633/aa9965},
  archiveprefix = {arxiv}
}

@article{nguyen_iqtreefasteffective_2015,
  title = {{{IQ-TREE}}: {{A Fast}} and {{Effective Stochastic Algorithm}} for {{Estimating Maximum-Likelihood Phylogenies}}},
  shorttitle = {{{IQ-TREE}}},
  author = {Nguyen, Lam-Tung and Schmidt, Heiko A. and {von Haeseler}, Arndt and Minh, Bui Quang},
  year = {2015},
  month = jan,
  journal = {Molecular Biology and Evolution},
  volume = {32},
  number = {1},
  pages = {268--274},
  issn = {0737-4038},
  doi = {10.1093/molbev/msu300}
}

@article{stamatakis_raxmlversiontool_2014,
  title = {{{RAxML}} Version 8: A Tool for Phylogenetic Analysis and Post-Analysis of Large Phylogenies},
  shorttitle = {{{RAxML}} Version 8},
  author = {Stamatakis, Alexandros},
  year = {2014},
  month = may,
  journal = {Bioinformatics (Oxford, England)},
  volume = {30},
  number = {9},
  pages = {1312--1313},
  issn = {1367-4811},
  doi = {10.1093/bioinformatics/btu033},
  pmcid = {PMC3998144},
  pmid = {24451623}
}

@article{boussau_efficientlikelihoodcomputations_2006,
  title = {Efficient {{Likelihood Computations}} with {{Nonreversible Models}} of {{Evolution}}},
  author = {Boussau, Bastien and Gouy, Manolo},
  year = {2006},
  month = oct,
  journal = {Systematic Biology},
  volume = {55},
  number = {5},
  pages = {756--768},
  issn = {1063-5157},
  doi = {10.1080/10635150600975218}
}

@book{yang_computationalmolecularevolution_2006,
  title = {Computational {{Molecular Evolution}}},
  author = {Yang, Ziheng},
  year = {2006},
  month = oct,
  series = {Oxford {{Series}} in {{Ecology}} and {{Evolution}}},
  publisher = {Oxford University Press},
  address = {Oxford, New York},
  isbn = {978-0-19-856702-8}
}

@article{socolich_evolutionaryinformationspecifying_2005,
  title = {Evolutionary Information for Specifying a Protein Fold},
  author = {Socolich, Michael and Lockless, Steve W. and Russ, William P. and Lee, Heather and Gardner, Kevin H. and Ranganathan, Rama},
  year = {2005},
  month = sep,
  journal = {Nature},
  volume = {437},
  number = {7058},
  pages = {512--518},
  publisher = {Nature Publishing Group},
  issn = {1476-4687},
  doi = {10.1038/nature03991},
  annotation = {Bandiera\_abtest: a Cg\_type: Nature Research Journals Primary\_atype: Research}
}

@book{felsensteinjoseph_inferringphylogenies_2003,
  title = {Inferring {{Phylogenies}}},
  author = {{Felsenstein, Joseph}},
  year = {2003},
  month = sep,
  edition = {Oxford University Press},
  isbn = {978-0-87893-177-4}
}


@article{halpern_evolutionarydistancesproteincoding_1998a,
  title = {Evolutionary Distances for Protein-Coding Sequences: Modeling Site-Specific Residue Frequencies.},
  shorttitle = {Evolutionary Distances for Protein-Coding Sequences},
  author = {Halpern, A L and Bruno, W J},
  year = {1998},
  month = jul,
  journal = {Molecular Biology and Evolution},
  volume = {15},
  number = {7},
  pages = {910--917},
  issn = {0737-4038},
  doi = {10.1093/oxfordjournals.molbev.a025995}
}

@article{rambaut_seqgenapplicationmonte_1997,
  title = {Seq-{{Gen}}: An Application for the {{Monte Carlo}} Simulation of {{DNA}} Sequence Evolution along Phylogenetic Trees},
  shorttitle = {Seq-{{Gen}}},
  author = {Rambaut, Andrew and Grass, Nicholas C.},
  year = {1997},
  month = jun,
  journal = {Bioinformatics},
  volume = {13},
  number = {3},
  pages = {235--238},
  issn = {1367-4803},
  doi = {10.1093/bioinformatics/13.3.235}
}


@article{yang_maximumlikelihoodphylogenetic_1994,
  title = {Maximum Likelihood Phylogenetic Estimation from {{DNA}} Sequences with Variable Rates over Sites: {{Approximate}} Methods},
  shorttitle = {Maximum Likelihood Phylogenetic Estimation from {{DNA}} Sequences with Variable Rates over Sites},
  author = {Yang, Ziheng},
  year = {1994},
  month = sep,
  journal = {Journal of Molecular Evolution},
  volume = {39},
  number = {3},
  pages = {306--314},
  issn = {1432-1432},
  doi = {10.1007/BF00160154}
}
